<?xml version="1.0" encoding="UTF-8"?><collection xmlns="http://www.loc.gov/MARC21/slim"><record><leader>00452nam--2200157-i-4500</leader><controlfield tag="001">000012600</controlfield><controlfield tag="002">20161230</controlfield><controlfield tag="005">20161230201029</controlfield><controlfield tag="008">060222s1000------------r-----000-0-eng-d</controlfield><datafield ind1=" " ind2=" " tag="080"><subfield code="a">517.518.26(043)</subfield></datafield><datafield ind1=" " ind2=" " tag="100"><subfield code="a">Belgy, J.N</subfield></datafield><datafield ind1=" " ind2=" " tag="245"><subfield code="a">Fonctions arithmetiques</subfield></datafield><datafield ind1=" " ind2=" " tag="260"><subfield code="a">Warszawe, Panstwowe Wydawnictwo Naukowe, 1977 79 P</subfield></datafield><datafield ind1=" " ind2=" " tag="490"><subfield code="a">Dissertations Mathematicae.Rozprawy Matematycz Ne</subfield><subfield code="v">Vol. CXLIV</subfield></datafield><datafield ind1=" " ind2=" " tag="852"><subfield code="a">7385</subfield></datafield><datafield ind1=" " ind2=" " tag="CAT"><subfield code="a">Sys</subfield><subfield code="c">20080327</subfield><subfield code="h">102657</subfield></datafield></record></collection>